<marc:collection xmlns:marc="http://www.loc.gov/MARC21/slim" xmlns:xsi="http://www.w3.org/2001/XMLSchema-instance" xsi:schemaLocation="http://www.loc.gov/MARC21/slim http://www.loc.gov/standards/marcxml/schema/MARC21slim.xsd">
    <marc:record type="Bibliographic">
        <marc:leader>01892cem a22003373a 4500</marc:leader>
        <marc:controlfield tag="001">6845013</marc:controlfield>
        <marc:controlfield tag="005">20141202155502.0</marc:controlfield>
        <marc:controlfield tag="008">110422s1951    xx g   cu a  o  0   eng d</marc:controlfield>
        <marc:datafield tag="034" ind1="1" ind2=" ">
            <marc:subfield code="a">a</marc:subfield>
            <marc:subfield code="b">24000</marc:subfield>
            <marc:subfield code="d">-75.5</marc:subfield>
            <marc:subfield code="e">-75.375</marc:subfield>
            <marc:subfield code="f">39.75</marc:subfield>
            <marc:subfield code="g">39.625</marc:subfield>
        </marc:datafield>
        <marc:datafield tag="035" ind1=" " ind2=" ">
            <marc:subfield code="a">(NjP Geomap) 77808</marc:subfield>
        </marc:datafield>
        <marc:datafield tag="040" ind1=" " ind2=" ">
            <marc:subfield code="c">NjP</marc:subfield>
        </marc:datafield>
        <marc:datafield tag="041" ind1="0" ind2=" ">
            <marc:subfield code="a">eng</marc:subfield>
        </marc:datafield>
        <marc:datafield tag="245" ind1="0" ind2="0">
            <marc:subfield code="a">Penns Grove Quadrangle, New Jersey--Delaware, 7.5 minute series (topographic)</marc:subfield>
            <marc:subfield code="h">[cartographic material].</marc:subfield>
        </marc:datafield>
        <marc:datafield tag="255" ind1=" " ind2=" ">
            <marc:subfield code="a">Scale 1:24,000</marc:subfield>
            <marc:subfield code="b"> Polyconic proj.</marc:subfield>
            <marc:subfield code="c">(W 75°30ʹ--W 75°22ʹ/N 39°45ʹ--N 39°37ʹ)</marc:subfield>
        </marc:datafield>
        <marc:datafield tag="260" ind1=" " ind2=" ">
            <marc:subfield code="a">[Reston, Va.] : </marc:subfield>
            <marc:subfield code="b">U.S. Geological Survey, </marc:subfield>
            <marc:subfield code="c">1951.</marc:subfield>
        </marc:datafield>
        <marc:datafield tag="500" ind1=" " ind2=" ">
            <marc:subfield code="a">U.S.G.S. 7.5 minute series (topographic)</marc:subfield>
        </marc:datafield>
        <marc:datafield tag="500" ind1=" " ind2=" ">
            <marc:subfield code="a">North Decimal Degree 39.750000.</marc:subfield>
        </marc:datafield>
        <marc:datafield tag="500" ind1=" " ind2=" ">
            <marc:subfield code="a">South Decimal Degree 39.625000.</marc:subfield>
        </marc:datafield>
        <marc:datafield tag="500" ind1=" " ind2=" ">
            <marc:subfield code="a">East Decimal Degree -75.375000.</marc:subfield>
        </marc:datafield>
        <marc:datafield tag="500" ind1=" " ind2=" ">
            <marc:subfield code="a">West Decimal Degree -75.500000.</marc:subfield>
        </marc:datafield>
        <marc:datafield tag="500" ind1=" " ind2=" ">
            <marc:subfield code="a">Alternate title: Penns Grove, N. J.--Del. Polyconic projection. Universal transverse Mercator grids are shown. Relief shown by 10 feet contour interval and spot heights. Datum is mean sea level. Shoreline shown represents the approximate line of mean high water. The average range of tide is approximately 5 feet. "Mapped by the United States Coast and Geodetic Survey; edited, and published by the United States Geological Survey. Control by USC&amp;GS. Culture and drainage in part compiled from aerial photographs taken 1946. Topography by planetable mehtods 1946. Field check 1948." Map is temporarily filed in the Reserve Course Materials Collection.</marc:subfield>
        </marc:datafield>
        <marc:datafield tag="546" ind1=" " ind2=" ">
            <marc:subfield code="a">In English.</marc:subfield>
        </marc:datafield>
        <marc:datafield tag="650" ind1=" " ind2="0">
            <marc:subfield code="a">Topographic maps.</marc:subfield>
        </marc:datafield>
        <marc:datafield tag="650" ind1=" " ind2="0">
            <marc:subfield code="a">Bathymetric maps.</marc:subfield>
        </marc:datafield>
        <marc:datafield tag="651" ind1=" " ind2="7">
            <marc:subfield code="a">Penns Grove.</marc:subfield>
            <marc:subfield code="2">local</marc:subfield>
        </marc:datafield>
        <marc:datafield tag="651" ind1=" " ind2="7">
            <marc:subfield code="a">U.S.--NJ--Salem Co.</marc:subfield>
            <marc:subfield code="2">local</marc:subfield>
        </marc:datafield>
        <marc:datafield tag="651" ind1=" " ind2="7">
            <marc:subfield code="a">U.S.--NJ--Penns Grove Quad.</marc:subfield>
            <marc:subfield code="2">local</marc:subfield>
        </marc:datafield>
        <marc:datafield tag="651" ind1=" " ind2="7">
            <marc:subfield code="a">U.S.--DE--New Castle Co.</marc:subfield>
            <marc:subfield code="2">local</marc:subfield>
        </marc:datafield>
        <marc:datafield tag="651" ind1=" " ind2="7">
            <marc:subfield code="a">U.S.--DE--Penns Grove Quad.</marc:subfield>
            <marc:subfield code="2">local</marc:subfield>
        </marc:datafield>
        <marc:datafield tag="852" ind1="8" ind2=" ">
            <marc:subfield code="b">scimc</marc:subfield>
            <marc:subfield code="h">G3811.C2.s24.U5G4 Penns Grove</marc:subfield>
        </marc:datafield>
        <marc:datafield tag="856" ind1="4" ind2=" ">
            <marc:subfield code="u">http://gisserver.princeton.edu/map/97</marc:subfield>
        </marc:datafield>
    </marc:record>
    <marc:record type="Holdings">
        <marc:leader>00193nx  a22000851  4500</marc:leader>
        <marc:controlfield tag="001">6763626</marc:controlfield>
        <marc:controlfield tag="004">6845013</marc:controlfield>
        <marc:controlfield tag="005">20111001211522.0</marc:controlfield>
        <marc:controlfield tag="008">1110010u||||8|||4001uu|||0000000</marc:controlfield>
        <marc:datafield tag="852" ind1="8" ind2=" ">
            <marc:subfield code="b">scimc</marc:subfield>
            <marc:subfield code="h">G3811.C2.s24.U5G4 Penns Grove</marc:subfield>
        </marc:datafield>
    </marc:record>
    <marc:record type="Holdings">
        <marc:leader>00182nx  a22000854  4500</marc:leader>
        <marc:controlfield tag="001">7325010</marc:controlfield>
        <marc:controlfield tag="004">6845013</marc:controlfield>
        <marc:controlfield tag="005">20130514145207.0</marc:controlfield>
        <marc:controlfield tag="008">1305144u    8   1001uu   0901128</marc:controlfield>
        <marc:datafield tag="852" ind1="8" ind2=" ">
            <marc:subfield code="b">elf1</marc:subfield>
            <marc:subfield code="h">Electronic Resource</marc:subfield>
        </marc:datafield>
    </marc:record>
</marc:collection>
